@article{PredictionOfGoldPrice,
    author = "Stokanovic Sevic, Jovana \& Jovancai-StakiÄ‡, Ana",
    title = "Prediction of gold price movement considering the number of infected with the Covid 19",
    journal = "The European Journal of Applied Economics",
    volume = "19",
    pages = "71-83",
    year = "2022",
    DOI = "10.5937/EJAE19-39258"
}

@article{GoldPrice,
    author = "Liu, Dan \& Li, Zhi",
    title = "Gold Price Forecasting and Related Influence Factors Analysis Based on Random Forest",
    journal = "The European Journal of Applied Economics",
    volume = "502",
    pages = "711-723",
    year = "2017",
    DOI = "10.1007/978-981-10-1837-4_59"
}

@online{CFI,
  author = {CFI Team},
  title = {Swiss Franc (CHF)},
  url = {https://corporatefinanceinstitute.com/resources/foreign-exchange/swiss-franc-chf/},
  urldate = {2022-12-2}
}
